<record><leader>00000cas a2200000Ma 4500</leader><controlfield tag="001">505756001</controlfield><controlfield tag="008">750817d18211835mauwr paa     0   a0eng d</controlfield><datafield ind1=" " ind2=" " tag="010"><subfield code="a">mic56004746 </subfield></datafield><datafield ind1=" " ind2=" " tag="040"><subfield code="a">ZCU</subfield><subfield code="b">eng</subfield><subfield code="c">ZCU</subfield><subfield code="d">OCLCF</subfield><subfield code="d">OCLCO</subfield><subfield code="d">OCLCQ</subfield></datafield><datafield ind1="0" ind2=" " tag="130"><subfield code="a">Christian register (Boston, Mass. : 1821)</subfield></datafield><datafield ind1="1" ind2="0" tag="245"><subfield code="a">Christian register.</subfield></datafield><datafield ind1=" " ind2=" " tag="260"><subfield code="a">Boston, Mass. :</subfield><subfield code="b">[publisher not identified],</subfield><subfield code="c">[1821-1835]</subfield></datafield><datafield ind1=" " ind2=" " tag="336"><subfield code="a">text</subfield><subfield code="b">txt</subfield><subfield code="2">rdacontent</subfield></datafield><datafield ind1=" " ind2=" " tag="337"><subfield code="a">microform</subfield><subfield code="b">h</subfield><subfield code="2">rdamedia</subfield></datafield><datafield ind1=" " ind2=" " tag="338"><subfield code="a">microfilm reel</subfield><subfield code="b">hd</subfield><subfield code="2">rdacarrier</subfield></datafield><datafield ind1="0" ind2=" " tag="362"><subfield code="a">Vol. 1, no. 1 (Apr. 20, 1821)-v. 14, no. 46 (June 27, 1835) = -no. 724.</subfield></datafield><datafield ind1=" " ind2=" " tag="515"><subfield code="a">Whole numbering begins with no. 595 (Jan. 5, 1833).</subfield></datafield><datafield ind1=" " ind2=" " tag="580"><subfield code="a">Merged with: Boston observer and religious intelligencer; to form: Christian register and Boston observer.</subfield></datafield><datafield ind1=" " ind2=" " tag="533"><subfield code="a">Microfilm.</subfield><subfield code="b">Ann Arbor, Mich. :</subfield><subfield code="c">University Microfilms.</subfield><subfield code="e">film microfilm reels ; 35 mm.</subfield></datafield><datafield ind1=" " ind2="0" tag="650"><subfield code="a">Unitarianism</subfield><subfield code="v">Periodicals.</subfield></datafield><datafield ind1=" " ind2="7" tag="650"><subfield code="a">Unitarianism.</subfield><subfield code="2">fast</subfield><subfield code="0">(OCoLC)fst01161454</subfield></datafield><datafield ind1=" " ind2="7" tag="655"><subfield code="a">Periodicals.</subfield><subfield code="2">fast</subfield><subfield code="0">(OCoLC)fst01411641</subfield></datafield><datafield ind1="0" ind2="5" tag="780"><subfield code="t">Unitarian (Cambridge, Mass.)</subfield><subfield code="g">Jan. 1835</subfield></datafield><datafield ind1="1" ind2="7" tag="785"><subfield code="t">Boston observer and religious intelligencer</subfield></datafield><datafield ind1="1" ind2="7" tag="785"><subfield code="t">Christian register and Boston observer</subfield><subfield code="g">July 1835</subfield></datafield></record>